@Manual{R-base,
  title = {R: A Language and Environment for Statistical Computing},
  author = {{R Core Team}},
  organization = {R Foundation for Statistical Computing},
  address = {Vienna, Austria},
  year = {2019},
  url = {https://www.R-project.org/},
}

@book{cohn1988statistical,
  title={Statistical power analysis for the behavioral sciences},
  author={Cohn, J.},
  address={Hillsdale, NJ},
  publisher = {Lawrence Earlbam Associates},
  year={1988}
}


@article{kruschke2014doing,
  title={Doing {B}ayesian data analysis: A tutorial with {R, JAGS, and Stan}},
  author={Kruschke, John},
  year={2014},
  publisher={Academic Press}
}



@article{wagenmakers2010bayesian,
  title={Bayesian hypothesis testing for psychologists: {A} tutorial on the {S}avage-{D}ickey method},
  author={Wagenmakers, Eric-Jan and Lodewyckx, Tom and Kuriyal, Himanshu and Grasman, Raoul},
  journal={Cognitive Psychology},
  volume={60},
  number={3},
  pages={158--189},
  year={2010},
  publisher={Elsevier}
}

@article{kruschke2010believe,
  title={What to believe: {B}ayesian methods for data analysis},
  author={Kruschke, John K.},
  journal={Trends in Cognitive Sciences},
  volume={14},
  number={7},
  pages={293--300},
  year={2010},
  publisher={Elsevier}
}


@article{baguley2009standardized,
  title={Standardized or simple effect size: What should be reported?},
  author={Baguley, Thom},
  journal={British journal of psychology},
  volume={100},
  number={3},
  pages={603--617},
  year={2009},
  publisher={Wiley Online Library}
}


@article{schad2020capitalize,
  title={How to capitalize on a priori contrasts in linear (mixed) models: {A} tutorial},
  author={Schad, Daniel J. and Vasishth, Shravan and Hohenstein, Sven and Kliegl, Reinhold},
  journal={Journal of Memory and Language},
  volume={110},
  pages={104038},
  year={2020},
  publisher={Elsevier}
}

@book{mcelreath2016statistical,
  title={Statistical rethinking: {A} Bayesian course with examples in {R} and {Stan}},
  author={McElreath, Richard},
  year={2016},
  publisher={CRC Press}
}


@article{baayen2008mixed,
  title={Mixed-effects modeling with crossed random effects for subjects and items},
  author={Baayen, R. Harald and Davidson, Douglas J. and Bates, Douglas M.},
  journal={Journal of Memory and Language},
  volume={59},
  number={4},
  pages={390--412},
  year={2008},
  publisher={Elsevier}
}


@article{bates2015parsimonious,
  title={Parsimonious mixed models},
  author={Bates, Douglas and Kliegl, Reinhold and Vasishth, Shravan and Baayen, Harald},
  journal={arXiv preprint arXiv:1506.04967},
  year={2015}
}


@article{barr2013random,
  title={Random effects structure for confirmatory hypothesis testing: Keep it maximal},
  author={Barr, Dale J. and Levy, Roger and Scheepers, Christoph and Tily, Harry J.},
  journal={Journal of Memory and Language},
  volume={68},
  number={3},
  pages={255--278},
  year={2013},
  publisher={Elsevier}
}


@article{kruschke2018bayesian,
  title={The {Bayesian New Statistics}: Hypothesis testing, estimation, meta-analysis, and power analysis from a {B}ayesian perspective},
  author={Kruschke, John K and Liddell, Torrin M.},
  journal={Psychonomic Bulletin \& Review},
  volume={25},
  number={1},
  pages={178--206},
  year={2018},
  publisher={Springer}
}


@article{makowski2019bayestestr,
  title={{bayestestR}: {D}escribing effects and their uncertainty, existence and significance within the {B}ayesian framework},
  author={Makowski, Dominique and Ben-Shachar, Mattan S and L{\"u}decke, Daniel},
  journal={Journal of Open Source Software},
  volume={4},
  number={40},
  pages={1541},
  year={2019}
}


@article{kruschke2011bayesian,
  title={Bayesian assessment of null values via parameter estimation and model comparison},
  author={Kruschke, John K.},
  journal={Perspectives on Psychological Science},
  volume={6},
  number={3},
  pages={299--312},
  year={2011},
  publisher={Sage Publications Sage CA: Los Angeles, CA}
}


@article{kruschke2018rejecting,
  title={Rejecting or accepting parameter values in {B}ayesian estimation},
  author={Kruschke, John K.},
  journal={Advances in Methods and Practices in Psychological Science},
  volume={1},
  number={2},
  pages={270--280},
  year={2018},
  publisher={Sage Publications Sage CA: Los Angeles, CA}
}



@article{heathcote2004qmpe,
  title={{QMPE: E}stimating {L}ognormal, {W}ald, and {W}eibull {RT} distributions with a parameter-dependent lower bound},
  author={Heathcote, Andrew and Brown, Scott and Cousineau, Denis},
  journal={Behavior Research Methods, Instruments, \& Computers},
  volume={36},
  number={2},
  pages={277--290},
  year={2004},
  publisher={Springer}
}

@article{heathcote1991analysis,
  title={Analysis of response time distributions: An example using the {S}troop task},
  author={Heathcote, Andrew and Popiel, Stephen J. and Mewhort, D.~J.},
  journal={Psychological bulletin},
  volume={109},
  number={2},
  pages={340--347},
  year={1991},
  publisher={American Psychological Association}
}


@article{wagenmakers2007linear,
  title={On the linear relation between the mean and the standard deviation of a response time distribution},
  author={Wagenmakers, Eric-Jan and Brown, Scott},
  journal={Psychological review},
  volume={114},
  number={3},
  pages={830--841},
  year={2007},
  publisher={American Psychological Association}
}


@Article{brms1,
  title = {{brms}: An {R} Package for {Bayesian} Multilevel Models Using {Stan}},
  author = {Paul-Christian Bürkner},
  journal = {Journal of Statistical Software},
  year = {2017},
  volume = {80},
  number = {1},
  pages = {1--28},
  doi = {10.18637/jss.v080.i01},
  encoding = {UTF-8},
}

@Article{brms2,
  title = {Advanced {Bayesian} Multilevel Modeling with the {R} Package {brms}},
  author = {Paul-Christian Bürkner},
  journal = {The R Journal},
  year = {2018},
  volume = {10},
  number = {1},
  pages = {395--411},
  doi = {10.32614/RJ-2018-017},
  encoding = {UTF-8},
}


@Article{R-brms_a,
  title = {{brms}: An {R} Package for {Bayesian} Multilevel Models Using {Stan}},
  author = {Paul-Christian Bürkner},
  journal = {Journal of Statistical Software},
  year = {2017},
  volume = {80},
  number = {1},
  pages = {1--28},
  doi = {10.18637/jss.v080.i01},
  encoding = {UTF-8},
}
@Article{R-brms_b,
  title = {Advanced {Bayesian} Multilevel Modeling with the {R} Package {brms}},
  author = {Paul-Christian Bürkner},
  journal = {The R Journal},
  year = {2018},
  volume = {10},
  number = {1},
  pages = {395--411},
  doi = {10.32614/RJ-2018-017},
  encoding = {UTF-8},
}
@Manual{R-dplyr,
  title = {dplyr: A Grammar of Data Manipulation},
  author = {Hadley Wickham and Romain François and Lionel Henry and Kirill Müller},
  year = {2019},
  note = {R package version 0.8.3},
  url = {https://CRAN.R-project.org/package=dplyr},
}
@Manual{R-forcats,
  title = {forcats: Tools for Working with Categorical Variables (Factors)},
  author = {Hadley Wickham},
  year = {2019},
  note = {R package version 0.4.0},
  url = {https://CRAN.R-project.org/package=forcats},
}
@Book{R-ggplot2,
  author = {Hadley Wickham},
  title = {ggplot2: Elegant Graphics for Data Analysis},
  publisher = {Springer-Verlag New York},
  year = {2016},
  isbn = {978-3-319-24277-4},
  url = {https://ggplot2.tidyverse.org},
}
@Manual{R-gridExtra,
  title = {gridExtra: Miscellaneous Functions for "Grid" Graphics},
  author = {Baptiste Auguie},
  year = {2017},
  note = {R package version 2.3},
  url = {https://CRAN.R-project.org/package=gridExtra},
}
@Manual{R-kableExtra,
  title = {kableExtra: Construct Complex Table with 'kable' and Pipe Syntax},
  author = {Hao Zhu},
  year = {2019},
  note = {http://haozhu233.github.io/kableExtra/,
https://github.com/haozhu233/kableExtra},
}
@Book{R-knitr,
  title = {Dynamic Documents with {R} and knitr},
  author = {Yihui Xie},
  publisher = {Chapman and Hall/CRC},
  address = {Boca Raton, Florida},
  year = {2015},
  edition = {2nd},
  note = {ISBN 978-1498716963},
  url = {https://yihui.name/knitr/},
}
@Manual{R-magrittr,
  title = {magrittr: A Forward-Pipe Operator for R},
  author = {Stefan Milton Bache and Hadley Wickham},
  year = {2014},
  note = {R package version 1.5},
  url = {https://CRAN.R-project.org/package=magrittr},
}
@Manual{R-papaja,
  author = {Frederik Aust and Marius Barth},
  title = {{papaja}: {Create} {APA} manuscripts with {R Markdown}},
  year = {2018},
  note = {R package version 0.1.0.9842},
  url = {https://github.com/crsh/papaja},
}
@Article{R-plyr,
  title = {The Split-Apply-Combine Strategy for Data Analysis},
  author = {Hadley Wickham},
  journal = {Journal of Statistical Software},
  year = {2011},
  volume = {40},
  number = {1},
  pages = {1--29},
  url = {http://www.jstatsoft.org/v40/i01/},
}
@Manual{R-purrr,
  title = {purrr: Functional Programming Tools},
  author = {Lionel Henry and Hadley Wickham},
  year = {2019},
  note = {R package version 0.3.3},
  url = {https://CRAN.R-project.org/package=purrr},
}
@Article{R-Rcpp_a,
  title = {{Rcpp}: Seamless {R} and {C++} Integration},
  author = {Dirk Eddelbuettel and Romain Fran\c{c}ois},
  journal = {Journal of Statistical Software},
  year = {2011},
  volume = {40},
  number = {8},
  pages = {1--18},
  url = {http://www.jstatsoft.org/v40/i08/},
  doi = {10.18637/jss.v040.i08},
}
@Article{R-Rcpp_b,
  title = {{Extending 	extit{R} with 	extit{C++}: A Brief Introduction to 	extit{Rcpp}}},
  author = {Dirk Eddelbuettel and James Joseph Balamuta},
  journal = {PeerJ Preprints},
  year = {2017},
  month = {aug},
  volume = {5},
  pages = {e3188v1},
  issn = {2167-9843},
  url = {https://doi.org/10.7287/peerj.preprints.3188v1},
  doi = {10.7287/peerj.preprints.3188v1},
}
@Manual{R-readr,
  title = {readr: Read Rectangular Text Data},
  author = {Hadley Wickham and Jim Hester and Romain Francois},
  year = {2018},
  note = {R package version 1.3.1},
  url = {https://CRAN.R-project.org/package=readr},
}
@Manual{R-rethinking,
  title = {rethinking: Statistical Rethinking book package},
  author = {Richard McElreath},
  year = {2016},
  note = {R package version 1.59},
}
@Misc{R-rstan,
  title = {{RStan}: the {R} interface to {Stan}},
  author = {{Stan Development Team}},
  note = {R package version 2.19.2},
  year = {2019},
  url = {http://mc-stan.org/},
}
@Misc{R-StanHeaders,
  title = {{StanHeaders}: Headers for the {R} interface to {Stan}},
  author = {{Stan Development Team}},
  note = {R package version 2.18.0},
  year = {2018},
  url = {http://mc-stan.org/},
}
@Manual{R-stringr,
  title = {stringr: Simple, Consistent Wrappers for Common String Operations},
  author = {Hadley Wickham},
  year = {2019},
  note = {R package version 1.4.0},
  url = {https://CRAN.R-project.org/package=stringr},
}
@Manual{R-tibble,
  title = {tibble: Simple Data Frames},
  author = {Kirill Müller and Hadley Wickham},
  year = {2019},
  note = {R package version 2.1.3},
  url = {https://CRAN.R-project.org/package=tibble},
}
@Manual{R-tidyr,
  title = {tidyr: Tidy Messy Data},
  author = {Hadley Wickham and Lionel Henry},
  year = {2019},
  note = {R package version 1.0.0},
  url = {https://CRAN.R-project.org/package=tidyr},
}
@Manual{R-tidyverse,
  title = {tidyverse: Easily Install and Load the 'Tidyverse'},
  author = {Hadley Wickham},
  year = {2017},
  note = {R package version 1.2.1},
  url = {https://CRAN.R-project.org/package=tidyverse},
}
@Article{R-bayestestR,
  title = {bayestestR: Describing Effects and their Uncertainty, Existence and Significance within the Bayesian Framework.},
  author = {Dominique Makowski and Mattan S. Ben-Shachar and Daniel Lüdecke},
  journal = {Journal of Open Source Software},
  doi = {10.21105/joss.01541},
  year = {2019},
  number = {40},
  volume = {4},
  pages = {1541},
  url = {https://joss.theoj.org/papers/10.21105/joss.01541},
}
@Manual{R-citr,
  title = {citr: 'RStudio' Add-in to Insert Markdown Citations},
  author = {Frederik Aust},
  year = {2019},
  note = {R package version 0.3.2},
  url = {https://CRAN.R-project.org/package=citr},
}
